
@article{moynihan2022,
	title = {BlackRock faces scrutiny from 19 state AGs over ESG investments},
	author = {Moynihan, Lydia},
	year = {2022},
	month = {08},
	date = {2022-08-16},
	journal = {New York Post},
	url = {https://nypost.com/2022/08/16/blackrock-faces-scrutiny-from-19-state-ags-over-esg-investments/},
	langid = {canadian}
}

@article{edmans,
	title = {The End of ESG},
	author = {Edmans, Alex},
	year = {2022},
	doi = {10.2139/ssrn.4221990},
	langid = {en}
}

@article{pollman,
	title = {The Making and Meaning of ESG},
	author = {Pollman, Elizabeth},
	year = {2022},
	langid = {en}
}

@inbook{bansak2021,
	title = {Conjoint Survey Experiments},
	author = {Bansak, Kirk and Hainmueller, Jens and Hopkins, Daniel J. and Yamamoto, Teppei},
	editor = {Green, Donald P. and Druckman, James N.},
	year = {2021},
	date = {2021},
	publisher = {Cambridge University Press},
	pages = {19--41},
	doi = {10.1017/9781108777919.004},
	url = {https://www.cambridge.org/core/books/advances-in-experimental-political-science/conjoint-survey-experiments/759C9A2E706E4F8539F40E44A43D6ACF},
	note = {DOI: 10.1017/9781108777919.004},
	address = {Cambridge}
}

@article{schanzenbach2018,
  title={Reconciling Fiduciary Duty and Social Conscience: The Law and Economics of ESG Investing by a Trustee},
  author={Schanzenbach, Max M. and Sitkoff, Robert H.},
  journal={Stanford Law Review},
  volume={72},
  pages={381-446},
  year={2018}
}


@article{edmans2023,
	title = {The end of ESG},
	author = {Edmans, Alex},
	year = {2023},
	date = {2023},
	journal = {Financial Management},
	pages = {3--17},
	volume = {52},
	number = {1},
	doi = {10.1111/fima.12413},
	url = {https://onlinelibrary.wiley.com/doi/abs/10.1111/fima.12413},
	note = {{\_}eprint: https://onlinelibrary.wiley.com/doi/pdf/10.1111/fima.12413},
	langid = {en}
}

@article{toubia2018,
	title = {Conjoint Analysis},
	author = {Toubia, Olivier},
	year = {2018},
	month = {03},
	date = {2018-03-30},
	journal = {Handbook of Marketing Analytics},
	pages = {52--76},
	url = {https://www.elgaronline.com/display/edcoll/9781784716745/9781784716745.00011.xml},
	note = {ISBN: 9781784716752
Publisher: Edward Elgar Publishing
Section: Handbook of Marketing Analytics},
	langid = {en{\_}US}
}

@article{hainmueller2014,
	title = {Causal Inference in Conjoint Analysis: Understanding Multidimensional Choices via Stated Preference Experiments},
	author = {Hainmueller, Jens and Hopkins, Daniel J. and Yamamoto, Teppei},
	year = {2014},
	month = {01},
	date = {2014-01},
	journal = {Political Analysis},
	pages = {1--30},
	volume = {22},
	number = {1},
	doi = {10.1093/pan/mpt024},
	url = {https://www.cambridge.org/core/journals/political-analysis/article/causal-inference-in-conjoint-analysis-understanding-multidimensional-choices-via-stated-preference-experiments/414DA03BAA2ACE060FFE005F53EFF8C8},
	note = {Publisher: Cambridge University Press},
	langid = {en}
}

@article{leeper2020,
	title = {Measuring Subgroup Preferences in Conjoint Experiments},
	author = {Leeper, Thomas J. and Hobolt, Sara B. and Tilley, James},
	year = {2020},
	month = {04},
	date = {2020-04},
	journal = {Political Analysis},
	pages = {207--221},
	volume = {28},
	number = {2},
	doi = {10.1017/pan.2019.30},
	url = {https://www.cambridge.org/core/journals/political-analysis/article/measuring-subgroup-preferences-in-conjoint-experiments/4F2C21AC02753F1FFF2F5EA0F943C1B2},
	note = {Publisher: Cambridge University Press},
	langid = {en}
}

@article{ben-akiva2019,
	title = {Foundations of Stated Preference Elicitation: Consumer Behavior and Choice-based Conjoint Analysis},
	author = {Ben-Akiva, Moshe and McFadden, Daniel and Train, Kenneth},
	year = {2019},
	month = {01},
	date = {2019-01-27},
	journal = {Foundations and Trends in Econometrics},
	pages = {1--144},
	volume = {10},
	number = {1-2},
	doi = {10.1561/0800000036},
	url = {https://www.nowpublishers.com/article/Details/ECO-036},
	note = {Publisher: Now Publishers, Inc.},
	langid = {English}
}

@book{ben-akiva1985,
	title = {Discrete Choice Analysis: Theory and Application to Travel Demand},
	author = {Ben-Akiva, Moshe E. and Lerman, Steven R.},
	year = {1985},
	date = {1985},
	publisher = {MIT Press},
	note = {Google-Books-ID: oLC6ZYPs9UoC},
	langid = {en}
}

@article{green1990,
	title = {Conjoint Analysis in Marketing: New Developments with Implications for Research and Practice},
	author = {Green, Paul E. and Srinivasan, V.},
	year = {1990},
	month = {10},
	date = {1990-10-01},
	journal = {Journal of Marketing},
	pages = {3--19},
	volume = {54},
	number = {4},
	doi = {10.1177/002224299005400402},
	url = {https://doi.org/10.1177/002224299005400402},
	note = {Publisher: SAGE Publications Inc},
	langid = {en}
}

@article{mcfadden2000,
	title = {Mixed MNL models for discrete response},
	author = {McFadden, Daniel and Train, Kenneth},
	year = {2000},
	date = {2000},
	journal = {Journal of Applied Econometrics},
	pages = {447--470},
	volume = {15},
	number = {5},
	doi = {10.1002/1099-1255(200009/10)15:5<447::AID-JAE570>3.0.CO;2-1},
	url = {https://onlinelibrary.wiley.com/doi/abs/10.1002/1099-1255%28200009/10%2915%3A5%3C447%3A%3AAID-JAE570%3E3.0.CO%3B2-1},
	note = {{\_}eprint: https://onlinelibrary.wiley.com/doi/pdf/10.1002/1099-1255%28200009/10%2915%3A5%3C447%3A%3AAID-JAE570%3E3.0.CO%3B2-1},
	langid = {en}
}

@article{allenby2006,
	title = {Hierarchical bayes models},
	author = {Allenby, Greg M. and Rossi, Peter E.},
	year = {2006},
	date = {2006},
	journal = {The handbook of marketing research: Uses, misuses, and future advances},
	pages = {418--440},
	note = {Publisher: Sage}
}

@article{hirst2021,
	title = {How Much Do Investors Care About Social Responsibility?},
	author = {Hirst, Scott and Kastiel, Kobi and {Kricheli{-}Katz}, Tamar},
	journal = {Wisconsin Law Review},
	pages = {977-1039},
	year = {2023},
	date = {2023},
	doi = {10.2139/ssrn.4115854},
	langid = {en}
}

@article{mazar2008,
	title = {The Dishonesty of Honest People: A Theory of Self-Concept Maintenance},
	author = {Mazar, Nina and Amir, On and Ariely, Dan},
	year = {2008},
	month = {12},
	date = {2008-12-01},
	journal = {Journal of Marketing Research},
	pages = {633--644},
	volume = {45},
	number = {6},
	doi = {10.1509/jmkr.45.6.633},
	url = {https://doi.org/10.1509/jmkr.45.6.633},
	note = {Publisher: SAGE Publications Inc},
	langid = {en}
}

@article{hardisty2010,
	title = {A Dirty Word or a Dirty World?: Attribute Framing, Political Affiliation, and Query Theory},
	author = {Hardisty, David J. and Johnson, Eric J. and Weber, Elke U.},
	year = {2010},
	month = {01},
	date = {2010-01-01},
	journal = {Psychological Science},
	pages = {86--92},
	volume = {21},
	number = {1},
	doi = {10.1177/0956797609355572},
	url = {https://doi.org/10.1177/0956797609355572},
	note = {Publisher: SAGE Publications Inc},
	langid = {en}
}

@article{dieckmann2009,
	title = {Compensatory versus noncompensatory models for predicting consumer preferences},
	author = {Dieckmann, Anja and Dippold, Katrin and Dietrich, Holger},
	year = {2009},
	month = {04},
	date = {2009-04},
	journal = {Judgment and Decision Making},
	pages = {200--213},
	volume = {4},
	number = {3},
	doi = {10.1017/S193029750000173X},
	url = {https://www.cambridge.org/core/journals/judgment-and-decision-making/article/compensatory-versus-noncompensatory-models-for-predicting-consumer-preferences/425838A1D04DF97B561BEC001107283E},
	note = {Publisher: Cambridge University Press},
	langid = {en}
}

@article{hart,
	title = {Companies Should Maximize Shareholder Welfare Not Market Value},
	author = {Hart, Oliver and Zingales, Luigi},
	date = {2017},
	journal = {Journal of Law, Finance, and Accounting},
	doi = {10.2139/ssrn.3004794},
	langid = {en}
}

@misc{rives2023,
	title = {Blue states stick with pension fund ESG investments, citing focus on long term},
	author = {Rives, Karin},
	year = {2023},
	month = {04},
	date = {2023-04-10},
	url = {https://www.spglobal.com/marketintelligence/en/news-insights/latest-news-headlines/blue-states-stick-with-pension-fund-esg-investments-citing-focus-on-long-term-74862511},
	langid = {en-us}
}

@article{kerber2022,
	title = {Florida pulls {\$}2 bln from BlackRock in largest anti-ESG divestment},
	author = {Kerber, Ross},
	year = {2022},
	month = {12},
	date = {2022-12-01},
	journal = {Reuters},
	url = {https://www.reuters.com/business/finance/florida-pulls-2-bln-blackrock-largest-anti-esg-divestment-2022-12-01/},
	langid = {en}
}

@misc{ropesgrayllp2023,
	title = {Navigating State Regulation of ESG},
	author = {{Ropes & Gray LLP}, },
	year = {2023},
	month = {12},
	date = {2023-12},
	url = {https://www.ropesgray.com/en/sites/navigating-state-regulation-of-esg},
	langid = {en}
}

@article{regier2009,
	title = {Bayesian and classical estimation of mixed logit: An application to genetic testing},
	author = {Regier, Dean A. and Ryan, Mandy and Phimister, Euan and Marra, Carlo A.},
	year = {2009},
	month = {05},
	date = {2009-05-01},
	journal = {Journal of Health Economics},
	pages = {598--610},
	volume = {28},
	number = {3},
	doi = {10.1016/j.jhealeco.2008.11.003},
	url = {https://www.sciencedirect.com/science/article/pii/S0167629608001896}
}

@article{subramanian2019,
	title = {Is fair trade finished?},
	author = {Subramanian, Samanth},
	year = {2019},
	month = {07},
	date = {2019-07-23},
	journal = {The Guardian},
	url = {https://www.theguardian.com/business/2019/jul/23/fairtrade-ethical-certification-supermarkets-sainsburys},
	note = {The long read: Fairtrade changed the way we shop. But major companies have started to abandon it and set up their own in-house imitations {\textendash} threatening the very idea of fair trade},
	langid = {australian}
}

@article{gurley2023,
	title = {Child labor violations soared in fiscal 2023},
	author = {Gurley, Lauren Kaori},
	year = {2023},
	month = {10},
	date = {2023-10-19},
	journal = {Washington Post},
	url = {https://www.washingtonpost.com/business/2023/10/19/child-labor-violations-2023/},
	langid = {canadian}
}

@article{brest2021,
	title = {Measuring Corporate Virtue{\textemdash}and Vice},
	author = {Brest, Paul and Honigsberg, Colleen},
	year = {2021},
	date = {2021},
	journal = {Frontiers in Social Innovation, Harvard Business Review Press, Forthcoming}
}

@article{temple-west2022,
	title = {Is it time to separate {\textquoteleft}E{\textquoteright} from {\textquoteleft}S{\textquoteright} and {\textquoteleft}G?},
	author = {Temple-West, Patrick and Tett, Gillian},
	year = {2022},
	month = {03},
	date = {2022-03-14},
	journal = {Financial Times},
	url = {https://www.ft.com/content/b8df3190-e91e-4138-be00-142b5603eb92}
}

@article{apostolakis2016,
	title = {Examining pension beneficiaries{\textquoteright} willingness to pay for a socially responsible and impact investment portfolio: A case study in the Dutch healthcare sector},
	author = {Apostolakis, George and Kraanen, Frido and van Dijk, Gert},
	year = {2016},
	month = {09},
	date = {2016-09-01},
	journal = {Journal of Behavioral and Experimental Finance},
	pages = {27--43},
	volume = {11},
	doi = {10.1016/j.jbef.2016.06.001},
	url = {https://www.sciencedirect.com/science/article/pii/S2214635016300260}
}

@article{biong2017,
	title = {Buying CSR with employees' pensions? The effect of social responsible investments on Norwegian SMEs' choice of pension fund management: A conjoint survey},
	author = {Biong, Harald and Silkoset, Ragnhild},
	year = {2017},
	date = {2017},
	journal = {The International Journal of Bank Marketing},
	pages = {56--74},
	volume = {35},
	number = {1},
	doi = {10.1108/IJBM-10-2015-0162},
	url = {https://www.proquest.com/docview/1892273739/abstract/302EE1963A78411DPQ/1},
	note = {Num Pages: 19
Place: Bradford, United Kingdom
Publisher: Emerald Group Publishing Limited},
	langid = {English}
}

@article{delsen2019,
	title = {Value matters or values matter? An analysis of heterogeneity in preferences for sustainable investments},
	author = {Delsen, Lei and Lehr, Alex},
	year = {2019},
	month = {07},
	date = {2019-07-03},
	journal = {Journal of Sustainable Finance & Investment},
	pages = {240--261},
	volume = {9},
	number = {3},
	doi = {10.1080/20430795.2019.1608709},
	url = {https://doi.org/10.1080/20430795.2019.1608709},
	note = {Publisher: Taylor & Francis
{\_}eprint: https://doi.org/10.1080/20430795.2019.1608709}
}

@article{haber2022,
	title = {ESG Investing: What Shareholders Do Fund Managers Represent?},
	author = {Haber, Stephen and Kepler, John D. and Larcker, David F. and Seru, Amit and Tayan, Brian},
	langid = {en},
	year = {2022},
	journal = {Rock Center for Corporate Governance at Stanford University Working Paper},
	url = {https://papers.ssrn.com/sol3/papers.cfm?abstract_id=4267270}
}

@article{bennett2017,
	title = {Religion, Altruism, and Helping Strangers: A Multilevel Analysis of 126 Countries},
	author = {Bennett, Matthew R. and Einolf, Christopher J.},
	year = {2017},
	date = {2017},
	journal = {Journal for the Scientific Study of Religion},
	pages = {323--341},
	volume = {56},
	number = {2},
	doi = {10.1111/jssr.12328},
	url = {https://onlinelibrary.wiley.com/doi/abs/10.1111/jssr.12328},
	note = {{\_}eprint: https://onlinelibrary.wiley.com/doi/pdf/10.1111/jssr.12328},
	langid = {en}
}

@article{barber2021,
	title = {Impact investing},
	author = {Barber, Brad M. and Morse, Adair and Yasuda, Ayako},
	year = {2021},
	month = {01},
	date = {2021-01-01},
	journal = {Journal of Financial Economics},
	pages = {162--185},
	volume = {139},
	number = {1},
	doi = {10.1016/j.jfineco.2020.07.008},
	url = {https://www.sciencedirect.com/science/article/pii/S0304405X2030194X}
}

@article{heeb2023,
	title = {Do Investors Care about Impact?},
	author = {Heeb, Florian and {Kölbel}, Julian F and Paetzold, Falko and Zeisberger, Stefan},
	year = {2023},
	month = {05},
	date = {2023-05-01},
	journal = {The Review of Financial Studies},
	pages = {1737--1787},
	volume = {36},
	number = {5},
	doi = {10.1093/rfs/hhac066},
	url = {https://doi.org/10.1093/rfs/hhac066}
}

@article{borgers2014,
	title = {Attitudes towards socially and environmentally responsible investment},
	author = {Borgers, Arian C. T. and Pownall, Rachel A. J.},
	year = {2014},
	month = {03},
	date = {2014-03-01},
	journal = {Journal of Behavioral and Experimental Finance},
	pages = {27--44},
	volume = {1},
	doi = {10.1016/j.jbef.2014.01.005},
	url = {https://www.sciencedirect.com/science/article/pii/S2214635014000082}
}

@article{simpson2015,
	title = {Beyond altruism: Sociological foundations of cooperation and prosocial behavior},
	author = {Simpson, Brent and Willer, Robb},
	year = {2015},
	date = {2015},
	journal = {Annual Review of Sociology},
	pages = {43--63},
	volume = {41},
	note = {ISBN: 0360-0572
Publisher: Annual Reviews}
}

@article{wiepking2014,
	title = {Examining the Association of Religious Context with Giving to Non-Profit Organizations},
	author = {Wiepking, Pamala and Bekkers, {René H. F. P.} and Osili, Una O.},
	year = {2014},
	month = {10},
	date = {2014-10-01},
	journal = {European Sociological Review},
	pages = {640--654},
	volume = {30},
	number = {5},
	doi = {10.1093/esr/jcu064},
	url = {https://doi.org/10.1093/esr/jcu064}
}

@article{barber2021a,
	title = {Impact investing},
	author = {Barber, Brad M. and Morse, Adair and Yasuda, Ayako},
	year = {2021},
	month = {01},
	date = {2021-01-01},
	journal = {Journal of Financial Economics},
	pages = {162--185},
	volume = {139},
	number = {1},
	doi = {10.1016/j.jfineco.2020.07.008},
	url = {https://www.sciencedirect.com/science/article/pii/S0304405X2030194X}
}

@article{heeb2022,
	title = {Do Investors Care about Impact?},
	author = {Heeb, Florian and {Kölbel}, Julian F and Paetzold, Falko and Zeisberger, Stefan},
	year = {2022},
	month = {09},
	date = {2022-09-13},
	journal = {The Review of Financial Studies},
	pages = {hhac066},
	doi = {10.1093/rfs/hhac066},
	url = {https://doi.org/10.1093/rfs/hhac066}
}

@book{train2009,
	title = {Discrete choice methods with simulation},
	author = {Train, Kenneth E.},
	year = {2009},
	date = {2009},
	publisher = {Cambridge university press}
}

@article{mccullough2008,
	title = {An Adaptation for Altruism: The Social Causes, Social Effects, and Social Evolution of Gratitude},
	author = {McCullough, Michael E. and Kimeldorf, Marcia B. and Cohen, Adam D.},
	year = {2008},
	month = {08},
	date = {2008-08-01},
	journal = {Current Directions in Psychological Science},
	pages = {281--285},
	volume = {17},
	number = {4},
	doi = {10.1111/j.1467-8721.2008.00590.x},
	url = {https://doi.org/10.1111/j.1467-8721.2008.00590.x},
	note = {Publisher: SAGE Publications Inc},
	langid = {en}
}

@article{hainmueller2015,
	title = {The hidden American immigration consensus: A conjoint analysis of attitudes toward immigrants},
	author = {Hainmueller, Jens and Hopkins, Daniel J.},
	year = {2015},
	date = {2015},
	journal = {American journal of political science},
	pages = {529--548},
	volume = {59},
	number = {3},
	note = {ISBN: 0092-5853
Publisher: Wiley Online Library}
}

@article{doherty2019,
	title = {Do Local Party Chairs Think Women and Minority Candidates Can Win? Evidence from a Conjoint Experiment},
	author = {Doherty, David and Dowling, Conor M. and Miller, Michael G.},
	year = {2019},
	month = {10},
	date = {2019-10},
	journal = {The Journal of Politics},
	pages = {1282--1297},
	volume = {81},
	number = {4},
	doi = {10.1086/704698},
	url = {https://www.journals.uchicago.edu/doi/full/10.1086/704698},
	note = {Publisher: The University of Chicago Press}
}

@article{loewenstein2014,
	title = {Disclosure: Psychology Changes Everything},
	author = {Loewenstein, George and Sunstein, Cass R. and Golman, Russell},
	year = {2014},
	month = {08},
	date = {2014-08-01},
	journal = {Annual Review of Economics},
	pages = {391--419},
	volume = {6},
	number = {1},
	doi = {10.1146/annurev-economics-080213-041341},
	url = {https://www.annualreviews.org/doi/10.1146/annurev-economics-080213-041341},
	langid = {en}
}

@article{hirst,
	title = {How Much Do Investors Care About Social Responsibility?},
	author = {Hirst, Scott and Kastiel, Kobi and {Kricheli{-}Katz}, Tamar},
	doi = {10.2139/ssrn.4115854},
	langid = {en}
}
